<?xml version="1.0" encoding="UTF-8"?><collection><record><leader>01776cam a22004578a 4500</leader><controlfield tag="005">20211119093732.0</controlfield><controlfield tag="008">110927s2012    scu           000 1 eng  </controlfield><controlfield tag="001">990116609360106381</controlfield><datafield tag="010" ind1=" " ind2=" "><subfield code="a">2011037779</subfield></datafield><datafield tag="020" ind1=" " ind2=" "><subfield code="a">9781891885884</subfield></datafield><datafield tag="020" ind1=" " ind2=" "><subfield code="a">189188588X</subfield></datafield><datafield tag="029" ind1="1" ind2=" "><subfield code="a">AU@</subfield><subfield code="b">000047813932</subfield></datafield><datafield tag="029" ind1="1" ind2=" "><subfield code="a">NZ1</subfield><subfield code="b">14193930</subfield></datafield><datafield tag="035" ind1=" " ind2=" "><subfield code="a">(MiU)011660936MIU01</subfield></datafield><datafield tag="035" ind1=" " ind2=" "><subfield code="a">(OCoLC)753626255</subfield></datafield><datafield tag="035" ind1=" " ind2=" "><subfield code="a">(coutts)cts14563414</subfield></datafield><datafield tag="040" ind1=" " ind2=" "><subfield code="a">DLC</subfield><subfield code="b">eng</subfield><subfield code="c">DLC</subfield><subfield code="d">YDX</subfield><subfield code="d">BTCTA</subfield><subfield code="d">YDXCP</subfield><subfield code="d">BDX</subfield><subfield code="d">BUL</subfield><subfield code="d">CDX</subfield><subfield code="d">SHM</subfield><subfield code="d">BWX</subfield></datafield><datafield tag="043" ind1=" " ind2=" "><subfield code="a">n-mx---</subfield><subfield code="a">n-us---</subfield></datafield><datafield tag="050" ind1="0" ind2="0"><subfield code="a">PS3619.T6569</subfield><subfield code="b">I48 2012</subfield></datafield><datafield tag="082" ind1="0" ind2="0"><subfield code="a">813/.6</subfield><subfield code="2">22</subfield></datafield><datafield tag="100" ind1="1" ind2=" "><subfield code="a">Stone, Michel,</subfield><subfield code="d">1969-</subfield><subfield code="0">http://id.loc.gov/authorities/names/n2010036233</subfield><subfield code="0">http://viaf.org/viaf/121764280</subfield></datafield><datafield tag="245" ind1="1" ind2="4"><subfield code="a">The iguana tree :</subfield><subfield code="b">a novel /</subfield><subfield code="c">Michel Stone.</subfield></datafield><datafield tag="260" ind1=" " ind2=" "><subfield code="a">Spartanburg, SC :</subfield><subfield code="b">Hub City Press,</subfield><subfield code="c">c2012.</subfield></datafield><datafield tag="300" ind1=" " ind2=" "><subfield code="a">224 p. ;</subfield><subfield code="c">23 cm.</subfield></datafield><datafield tag="520" ind1=" " ind2=" "><subfield code="a">Set amid the perils of illegal border crossings, The Iguana Tree is the suspenseful saga of Lilia and Hector, who separately make their way from Mexico into the United States, seeking work in the Carolinas and a home for their infant daughter.</subfield></datafield><datafield tag="650" ind1=" " ind2="0"><subfield code="a">Families</subfield><subfield code="z">Mexico</subfield><subfield code="v">Fiction.</subfield><subfield code="0">http://id.loc.gov/authorities/subjects/sh85047009</subfield></datafield><datafield tag="650" ind1=" " ind2="0"><subfield code="a">Human smuggling</subfield><subfield code="v">Fiction.</subfield><subfield code="0">http://id.loc.gov/authorities/subjects/sh2002001970</subfield></datafield><datafield tag="650" ind1=" " ind2="7"><subfield code="a">Undocumented immigrants</subfield><subfield code="z">Mexican-American Border Region</subfield><subfield code="v">Fiction.</subfield><subfield code="2">miush</subfield><subfield code="0">https://open-na.hosted.exlibrisgroup.com/alma/01UMICH_INST/authorities/98187481368106381.jsonld</subfield></datafield><datafield tag="650" ind1=" " ind2="7"><subfield code="a">Undocumented immigrants</subfield><subfield code="x">Crimes against</subfield><subfield code="z">Mexican-American Border Region</subfield><subfield code="v">Fiction.</subfield><subfield code="2">miush</subfield><subfield code="0">https://open-na.hosted.exlibrisgroup.com/alma/01UMICH_INST/authorities/98187481368106381.jsonld</subfield></datafield><datafield tag="650" ind1=" " ind2="0"><subfield code="a">Life change events</subfield><subfield code="v">Fiction.</subfield><subfield code="0">http://id.loc.gov/authorities/subjects/sh2008106968</subfield></datafield><datafield tag="650" ind1=" " ind2="7"><subfield code="a">Undocumented immigrants</subfield><subfield code="v">Fiction.</subfield><subfield code="2">miush</subfield><subfield code="0">https://open-na.hosted.exlibrisgroup.com/alma/01UMICH_INST/authorities/98187481368706381.jsonld</subfield></datafield><datafield tag="651" ind1=" " ind2="0"><subfield code="a">United States</subfield><subfield code="x">Emigration and immigration</subfield><subfield code="v">Fiction.</subfield></datafield><datafield tag="651" ind1=" " ind2="0"><subfield code="a">South Carolina</subfield><subfield code="v">Fiction.</subfield><subfield code="0">http://id.loc.gov/authorities/subjects/sh2008111423</subfield></datafield><datafield tag="655" ind1=" " ind2="7"><subfield code="a">Domestic fiction.</subfield><subfield code="2">gsafd</subfield></datafield><datafield tag="655" ind1=" " ind2="7"><subfield code="a">Suspense fiction.</subfield><subfield code="2">gsafd</subfield></datafield><datafield tag="937" ind1=" " ind2=" "><subfield code="a">14563414</subfield></datafield><datafield tag="955" ind1="0" ind2=" "><subfield code="0">cts14563414</subfield><subfield code="a">MiU</subfield><subfield code="h">PS3619.T6569 I48 2012</subfield><subfield code="p">39015090831804</subfield></datafield><datafield tag="958" ind1=" " ind2=" "><subfield code="a">MiU</subfield></datafield><datafield tag="980" ind1=" " ind2=" "><subfield code="e">24.95</subfield><subfield code="f">14563414</subfield></datafield><datafield tag="995" ind1=" " ind2=" "><subfield code="a">20</subfield></datafield><datafield tag="997" ind1=" " ind2=" "><subfield code="a">MARS</subfield></datafield><datafield tag="BIB" ind1=" " ind2=" "><subfield code="u">2023-08-14 06:07:02 US/Eastern</subfield><subfield code="c">2021-06-21 16:28:49 US/Eastern</subfield><subfield code="s">false</subfield></datafield><datafield tag="852" ind1="0" ind2=" "><subfield code="b">HATCH</subfield><subfield code="a">MiU</subfield><subfield code="c">GRAD</subfield><subfield code="h">PS3619.T6569 I48 2012</subfield><subfield code="8">22943269630006381</subfield></datafield><datafield tag="974" ind1=" " ind2=" "><subfield code="8">22943269630006381</subfield><subfield code="f">0</subfield><subfield code="t">LOAN</subfield><subfield code="c">GRAD</subfield><subfield code="m">BOOK</subfield><subfield code="a">39015090831804</subfield><subfield code="e">GRAD</subfield><subfield code="7">23943269620006381</subfield><subfield code="r">2012-06-14 06:59:00 US/Eastern</subfield><subfield code="h">PS3619.T6569 I48 2012</subfield><subfield code="d">HATCH</subfield><subfield code="b">HATCH</subfield></datafield></record></collection>
